% Data utworzenia: 8.05.2018
% Źródło: https://www.sharelatex.com/learn/Bibliography_management_with_bibtex

@article{einstein,
    author =       "Albert Einstein",
    title =        "{Zur Elektrodynamik bewegter K{\"o}rper}. ({German})
        [{On} the electrodynamics of moving bodies]",
    journal =      "Annalen der Physik",
    volume =       "322",
    number =       "10",
    pages =        "891--921",
    year =         "1905",
    DOI =          "http://dx.doi.org/10.1002/andp.19053221004"
}
 
@book{latexcompanion,
    author    = "Michel Goossens and Frank Mittelbach and Alexander Samarin",
    title     = "The \LaTeX\ Companion",
    year      = "1993",
    publisher = "Addison-Wesley",
    address   = "Reading, Massachusetts"
}
 
@misc{lichess,
  title = {{Lichess database} },
  howpublished = {\url{https://database.lichess.org/}},
  note = {Accessed: 2010-09-30}
}

@misc{stockfish_lichess,
  title = {{Lichess computer engine used from 2014} },
  howpublished = {\url{https://lichess.org/blog/U4mtoEQAAEEAgZRL/strongest-chess-player-ever}},
  note = {Accessed: 2010-09-30}
}