% Data utworzenia: 8.05.2018
% Źródło: https://www.sharelatex.com/learn/Bibliography_management_with_bibtex

@article{einstein,
    author =       "Albert Einstein",
    title =        "{Zur Elektrodynamik bewegter K{\"o}rper}. ({German})
        [{On} the electrodynamics of moving bodies]",
    journal =      "Annalen der Physik",
    volume =       "322",
    number =       "10",
    pages =        "891--921",
    year =         "1905",
    DOI =          "http://dx.doi.org/10.1002/andp.19053221004"
}
 
@book{latexcompanion,
    author    = "Michel Goossens and Frank Mittelbach and Alexander Samarin",
    title     = "The \LaTeX\ Companion",
    year      = "1993",
    publisher = "Addison-Wesley",
    address   = "Reading, Massachusetts"
}
 
@misc{lichess,
  title = {{Lichess database} },
  howpublished = {\url{https://database.lichess.org/}},
  note = {Accessed: 30/05/2021}
}

@article{glicko,
    author =       "Mark Glickman",
    title =        "The Glicko system",
    journal =      "Boston University",
    year =         "1999"
}

@misc{stockfish_lichess,
  title = {{Lichess computer engine used from 2014} },
  howpublished = {\url{https://lichess.org/blog/U4mtoEQAAEEAgZRL/strongest-chess-player-ever}},
  note = {Dostęp: 30/05/2021}
}

@book{elo,
    author    = "Arpad E. Elo",
    title     = "The rating of chessplayers, Past \& Present (second edition)",
    year      = "1986",
    publisher = "FIDE",
    address   = "New York, United States"
}

@misc{stockfish,
  title = {{Repozytorium zawierające kod źródłowy silnika Stockfish} },
  howpublished = {\url{https://github.com/official-stockfish/Stockfishr}},
  note = {Dostęp: 11/10/2021}
}